@article{curtis2008rapid,
  title={Rapid detection of HIV-1 by reverse-transcription, loop-mediated isothermal amplification (RT-LAMP)},
  author={Curtis, Kelly A and Rudolph, Donna L and Owen, S Michele},
  journal={Journal of virological methods},
  volume={151},
  number={2},
  pages={264--270},
  year={2008},
  publisher={Elsevier}
}

@article{voisset2008human,
  title={Human RNA “rumor” viruses: the search for novel human retroviruses in chronic disease},
  author={Voisset, C{\'e}cile and Weiss, Robin A and Griffiths, David J},
  journal={Microbiology and Molecular Biology Reviews},
  volume={72},
  number={1},
  pages={157--196},
  year={2008},
  publisher={Am Soc Microbiol}
}

@article{luft2011hiv,
  title={HIV-1 viral diversity and its implications for viral load testing: review of current platforms},
  author={Luft, LeeAnne M and Gill, M John and Church, Deirdre L},
  journal={International Journal of Infectious Diseases},
  volume={15},
  number={10},
  pages={e661--e670},
  year={2011},
  publisher={Elsevier}
}

@book{bartolo2012hiv,
  title={HIV-1 Diversity and Its Implications in Diagnosis, Transmission, Disease Progression, and Antiretroviral Therapy},
  author={B{\'a}rtolo, In{\^e}s and Taveira, Nuno},
  year={2012},
  publisher={INTECH Open Access Publisher}
}

@article{giovine1994absence,
  title={Absence of lentiviral and human T cell leukemia viral sequences in patients with rheumatoid arthritis},
  author={Giovine, Francesco S Di and Bailly, Sabine and Bootman, Janet and Almond, Neil and Duff, Gordon W},
  journal={Arthritis \& Rheumatism},
  volume={37},
  number={3},
  pages={349--358},
  year={1994},
  publisher={Wiley Online Library}
}

@article{fukuta2003detection,
  title={Detection of Japanese yam mosaic virus by RT-LAMP},
  author={Fukuta, S and Iida, T and Mizukami, Y and Ishida, A and Ueda, J and Kanbe, M and Ishimoto, Y},
  journal={Archives of Virology},
  volume={148},
  number={9},
  pages={1713--1720},
  year={2003},
  publisher={Springer}
}

@article{nunes2015analysis,
  title={Analysis of a Reverse Transcription Loop-mediated Isothermal Amplification (RT-LAMP) for yellow fever diagnostic},
  author={Nunes, Marcio RT and Vianez, Jo{\~a}o L{\'\i}dio and Nunes, Keley NB and da Silva, Sandro Patroca and Lima, Clayton PS and Guzman, Hilda and Martins, L{\'\i}via C and Carvalho, Val{\'e}ria L and Tesh, Robert B and Vasconcelos, Pedro FC},
  journal={Journal of virological methods},
  volume={226},
  pages={40--51},
  year={2015},
  publisher={Elsevier}
}

@article{salinas2012electric,
  title={Electric LAMP: Virtual loop-mediated isothermal Amplification},
  author={Salinas, Nelson R and Little, Damon P},
  journal={ISRN bioinformatics},
  volume={2012},
  year={2012},
  publisher={Hindawi Publishing Corporation}
}

@article{torres2011lava,
  title={LAVA: an open-source approach to designing LAMP (loop-mediated isothermal amplification) DNA signatures},
  author={Torres, Clinton and Vitalis, Elizabeth A and Baker, Brian R and Gardner, Shea N and Torres, Marisa W and Dzenitis, John M},
  journal={BMC bioinformatics},
  volume={12},
  number={1},
  pages={240},
  year={2011},
  publisher={BioMed Central}
}

